@inproceedings{long2015fully,
  title={Fully convolutional networks for semantic segmentation},
  author={Long, Jonathan and Shelhamer, Evan and Darrell, Trevor},
  booktitle={Proceedings of the IEEE Conference on Computer Vision and Pattern Recognition},
  pages={3431--3440},
  year={2015}
}

@article{froc,
  title={Area under the Free-Response ROC Curve (FROC) and a Related Summary Index},
  author={Bandos, Andriy I and Rockette, Howard E and Song, Tao and Gur, David},
  journal={Biometrics},
  volume={65},
  number={1},
  pages={247--256},
  year={2009},
  publisher={Wiley Online Library}
}
